%% LaTeX2e file `main.bib'
%% generated by the `filecontents' environment
%% from source `main' on 2023/09/28.
%%
@online{image1,
  author  = {Unknown},
  title   = {Lecture 1 Material},
  url     = {https://suvdaa.webs.com/class.htm},
  urldate = {The date you accessed this URL in YYYY-MM-DD format}
}
